<?xml version="1.0" encoding="UTF-8"?><collection xmlns="http://www.loc.gov/MARC21/slim"><record><leader>00482nam--2200157-i-4500</leader><controlfield tag="001">000022849</controlfield><controlfield tag="002">20161230</controlfield><controlfield tag="005">20170118171220</controlfield><controlfield tag="008">060222s1000------------r-----000-0-eng-d</controlfield><datafield ind1=" " ind2=" " tag="080"><subfield code="a">621.384.8</subfield></datafield><datafield ind1=" " ind2=" " tag="100"><subfield code="a">Jager, Knut</subfield></datafield><datafield ind1=" " ind2=" " tag="245"><subfield code="a">Die bildung negativer ionen durch elektronenstoss und chemische reaktionen negativer ionen in massenspektrometer. /dissertation</subfield></datafield><datafield ind1=" " ind2=" " tag="260"><subfield code="a">Berlin</subfield><subfield code="b">Technische Universitat</subfield><subfield code="c">1967</subfield></datafield><datafield ind1=" " ind2=" " tag="300"><subfield code="a">101 p</subfield></datafield><datafield ind1=" " ind2=" " tag="852"><subfield code="a">29867</subfield></datafield><datafield ind1=" " ind2=" " tag="CAT"><subfield code="a">SYS</subfield><subfield code="c">20170118</subfield><subfield code="h">171220</subfield></datafield></record></collection>